@misc{
    yy,
    author = "yy",
    title = "yy",
    howpublished = {yy}
}

@article{edweeee,
author = {Leszek Potocki},
file = {:Users/JulianLeitner/Library/Application Support/Mendeley Desktop/Downloaded/Lee - 2009 - A Theory of Soft Power and Korea's Soft Power Strategy.pdf:pdf},
journal = {The Korean Journal of Defense Analysis},
number = {2},
pages = {205--218},
title = {{A Theory of Soft Power and Korea's Soft Power Strategy}},
volume = {21},
year = {2009}
}